@article{lazarus1995psychological,
  title={Psychological stress in the workplace},
  author={Lazarus, Richard S},
  journal={Occupational stress: A handbook},
  volume={1},
  pages={3--14},
  year={1995}
}
