@book{autismsucks,
	author={Martin M. Antony and Richard P. Swinson},
	title={The Shyness and Social Anxiety Workbook: Proven, Step-by-Step Techniques for Overcoming your Fear},
	publisher={New Harbinger Publications},
	year={2008},
	edition={2}
}